<?xml version="1.0" encoding="UTF-8"?><collection xmlns="http://www.loc.gov/MARC21/slim"><record><leader>00496nam--2200181-i-4500</leader><controlfield tag="001">000010225</controlfield><controlfield tag="002">20161230</controlfield><controlfield tag="005">20161230201028</controlfield><controlfield tag="008">060222s1000------------r-----000-0-eng-d</controlfield><datafield ind1=" " ind2=" " tag="040"><subfield code="a">IFIN-HH</subfield></datafield><datafield ind1=" " ind2=" " tag="080"><subfield code="a">539.17:539.12.17</subfield></datafield><datafield ind1="1" ind2=" " tag="100"><subfield code="a">Burkhardt, Hugh</subfield></datafield><datafield ind1="1" ind2="0" tag="245"><subfield code="a">Optimal reactions for the search of ()</subfield><subfield code="c">Hugh burkhardt, r.k.p. zia, j.d. davies</subfield></datafield><datafield ind1=" " ind2=" " tag="260"><subfield code="a">Birmingham</subfield><subfield code="b">University</subfield><subfield code="c">/F.An</subfield></datafield><datafield ind1=" " ind2=" " tag="300"><subfield code="a">28P</subfield></datafield><datafield ind1="1" ind2=" " tag="700"><subfield code="a">Davies, J.D</subfield></datafield><datafield ind1=" " ind2=" " tag="852"><subfield code="a">11396</subfield><subfield code="c">539.17</subfield></datafield><datafield ind1=" " ind2=" " tag="CAT"><subfield code="a">Sys</subfield><subfield code="c">20120528</subfield><subfield code="h">170423</subfield></datafield></record></collection>